@ARTICLE{jones1986coping,
  author = {Jones, H.},
  title = {Coping strategies when dealing with an unruly child},
  journal = {J. Child. Dev.},
  year = {1986},
  volume = {18},
  pages = {265--267},
  number = {2}
}

@ARTICLE{neddis2009best,
  author = {Neddis, D.},
  title = {The best laid plans of mice: How to foil them},
  journal = {J. Rodentology},
  year = {2009},
  volume = {12},
  pages = {82--84},
  number = {7}
}

@ARTICLE{testington2011effects,
  author = {Testington, C.},
  title = {Effects of TDK faries on audiometric screening},
  journal = {J. Hear.},
  year = {2011},
  volume = {1},
  pages = {193--204},
  number = {5}
}